@article{larvor2011albert,
  title={Albert {L}autman: {D}ialectics in {M}athematics},
  author={Larvor, Brendan},
  journal={Foundations of the Formal Sciences VII},
  year={2011},
  publisher={College Publications}
}

@book{lautman2011mathematics,
  title={Mathematics, ideas and the physical real},
  author={Lautman, Albert},
  year={2011},
  publisher={A\&C Black},
  note={Translated by Simon Duffy}
}

@book{deleuze1994difference,
  title={Difference and repetition},
  author={Deleuze, Gilles},
  year={1994},
  location={London},
  publisher={Bloomsbury Academic},
  note={Translated by Paul Patton.}
}

@article{AbrSad14,
  author    = {Samson Abramsky and
               Mehrnoosh Sadrzadeh},
  title     = {Semantic Unification {A} sheaf theoretic approach to natural language},
  journal   = {CoRR},
  volume    = {abs/1403.3351},
  year      = {2014},
  url       = {http://arxiv.org/abs/1403.3351}
}

@article{DBLP:journals/corr/GanesalingamG13,
  author    = {M. Ganesalingam and
               W. T. Gowers},
  title     = {A fully automatic problem solver with human-style output},
  journal   = {CoRR},
  volume    = {abs/1309.4501},
  year      = {2013},
  url       = {http://arxiv.org/abs/1309.4501},
  timestamp = {Wed, 16 Feb 4438084 07:28:16 +},
  biburl    = {http://dblp.uni-trier.de/rec/bib/journals/corr/GanesalingamG13},
  bibsource = {dblp computer science bibliography, http://dblp.org}
}
