@BOOK{boden,
  AUTHOR    = {Boden, M. A.},
  PUBLISHER = {Harvester Press},
  SORTKEY   = {Boden},
  TITLE     = {Artificial Intelligence and Natural Man},
  YEAR      = {1977},
}

@ARTICLE{GustKS2006,
  AUTHOR       = {Helmut Gust and Kai-Uwe Kühnberger and Ute Schmidt},
  JOURNALTITLE = {Theoretical Computer Science},
  PAGES        = {98--117},
  TITLE        = {Metaphors and Heuristic-Driven Theory Projection ({HDTP})},
  URL          = {http://www.sciencedirect.com/science/article/pii/S030439750500856X},
  VOLUME       = {354},
  YEAR         = {2006},
}

@REPORT{Schmidt2010,
  AUTHOR      = {Schmidt, Martin},
  INSTITUTION = {Univ. Osnabrück},
  LOCATION    = {Germany},
  NUMBER      = {31-2010},
  TITLE       = {Restricted Higher-Order Anti-Unification for Heuristic-Driven Theory Projection},
  TYPE        = {PICS-Report},
  YEAR        = {2010},
}

@INPROCEEDINGS{MossakowskiEA06,
  AUTHOR    = {Till Mossakowski and Christian Maeder and Klaus Lüttich},
  BOOKTITLE = {TACAS 2007},
  EDITOR    = {Orna Grumberg and Michael Huth},
  KEYWORDS  = {proof heterogeneity logic institution prover theorem integration development graph},
  PAGES     = {519--522},
  PUBLISHER = {Springer-Verlag Heidelberg},
  SERIES    = {Lecture Notes in Computer Science},
  TITLE     = {The {H}eterogeneous {T}ool {S}et},
  URL       = {www.informatik.uni-bremen.de/~till/papers/hets-tacas-toolpaper.pdf},
  VOLUME    = {4424},
  YEAR      = {2007},
}

@BOOK{Lak00,
  AUTHOR    = {Lakoff, George and {Núñez}, Rafael},
  LOCATION  = {New York},
  PUBLISHER = {Basic Books},
  TITLE     = {Where Mathematics Comes From: How the Embodied Mind Brings Mathematics into Being},
  YEAR      = {2000},
}

@ARTICLE{nunez05,
  AUTHOR       = {Rafael N{úñ}ez},
  JOURNALTITLE = {Journal of Pragmatics},
  NUMBER       = {10},
  PAGES        = {1717--1741},
  TITLE        = {Creating Mathematical Infinities: The Beauty of Transfinite Cardinals},
  URL          = {www.cogsci.ucsd.edu/~nunez/COGS260/JoP_InfinityR.pdf},
  VOLUME       = {37},
  YEAR         = {2005},
}

@BOOK{EGAI,
  AUTHOR    = {André Grothendieck and Jean Diedonné},
  EDITION   = {seconde édition},
  PUBLISHER = {Springer-Verlag},
  TITLE     = {Eléments de Géométrie Algébrique {I}},
  YEAR      = {1971},
}

@BOOK{Eisenbud95,
  AUTHOR    = {David Eisenbud},
  NUMBER    = {150},
  PUBLISHER = {Springer-Verlag},
  SERIES    = {Graduate Texts in Mathematics},
  TITLE     = {Commutative Algebra with a View Toward Algebraic Geometry},
  YEAR      = {1995},
}

@INPROCEEDINGS{Gog99,
  AUTHOR    = {Goguen, Joseph},
  BOOKTITLE = {Computation for Metaphors, Analogy, and Agents},
  DOI       = {10.1007/3-540-48834-0_15},
  PAGES     = {242--291},
  PUBLISHER = {Springer},
  SERIES    = {Lecture Notes in Computer Science},
  TITLE     = {An Introduction to Algebraic Semiotics, with Application to User Interface Design},
  URL       = {https://cseweb.ucsd.edu/~goguen/pps/as.ps},
  VOLUME    = {1562},
  YEAR      = {1999},
}

@INPROCEEDINGS{Goguen01,
  AUTHOR       = {Goguen, Joseph},
  BOOKTITLE    = {Proceedings, Virtual Worlds and Simulation (VWSIM'01)},
  EDITOR       = {C. Landauer and K. Bellman},
  ORGANIZATION = {Society for Modelling and Simulation International},
  TITLE        = {Towards a design theory for virtual worlds: {A}lgebraic semiotics and scientific visualization as a case study},
  URL          = {http://www-cs.ucsd.edu/users/goguen/ps/vw01p.ps.gz},
  YEAR         = {2001},
}

@INCOLLECTION{Goguen05c,
  AUTHOR    = {Joseph Goguen},
  BOOKTITLE = {Developing future interactive systems},
  EDITOR    = {M. Sanchez-Segura},
  PUBLISHER = {Idea Publishing Group},
  TITLE     = {Steps towards a design theory for virtual worlds},
  YEAR      = {2005},
}

@BOOK{BidoitMosses2004,
  AUTHOR    = {Michel Bidoit and Peter D. Mosses},
  NUMBER    = {2900},
  PUBLISHER = {Springer},
  SERIES    = {Lecture Notes in Computer Science},
  TITLE     = {{CASL} User Manual},
  YEAR      = {2004},
}

@MISC{brandenburgdobleinduction,
  HOWPUBLISHED = {Mathoverflow discussion},
  TITLE        = {Possible axioms for Integers},
  URL          = {http://mathoverflow.net/questions/23193/axiomatic-definition-of-integers},
  YEAR         = {2010},
}

@BOOK{Apostol76,
  AUTHOR    = {Tom Apostol},
  PUBLISHER = {Springer},
  SERIES    = {Undergraduate Texts in Mathematics},
  TITLE     = {Introduction to Analytic Number Theory},
  YEAR      = {1976},
}

@BOOK{VelCad05,
  AUTHOR    = {Juan Diego Velez and Carlos Cadavid},
  LOCATION  = {Medellin, Colombia},
  NOTE      = {with the coopertaion of A.\ Quintero},
  PUBLISHER = {Universidad Nacional de Colombia},
  TITLE     = {Topologia y Geometria Diferenciales en el Lenguaje de Sheaves},
  YEAR      = {2005},
}

@MANUAL{Mossakowskihets,
  AUTHOR       = {Till Mossakowski and Christian Maeder and Mihai Codescu},
  EDITION      = {Version 0.99},
  MONTH        = {Oct},
  ORGANIZATION = {DFKI GmbH, Bremen},
  TITLE        = {{HETS} User Guide},
  URL          = {http://www.informatik.uni-bremen.de/agbkb/forschung/formal_methods/CoFI/hets/UserGuide.pdf},
  YEAR         = {2014},
}

@ARTICLE{Fau98,
  AUTHOR       = {Gilles Fauconnier and Mark Turner},
  JOURNALTITLE = {Cognitive Science},
  NOTE         = {Extended version 2001 on-line.},
  NUMBER       = {2},
  PAGES        = {133--187},
  TITLE        = {Conceptual Integration Networks},
  URL          = {http://ssrn.com/author=1058129},
  VOLUME       = {22},
  YEAR         = {1998},
}

@ARTICLE{Weil60,
  AUTHOR       = {André Weil},
  JOURNALTITLE = {Sciences},
  NOTE         = {in \cite[pp 408--412]{WeilCollectedV2}},
  TITLE        = {De la métaphysique aux mathématiques},
  URL          = {http://dream.inf.ed.ac.uk/projects/coinvent/weil60.pdf},
  YEAR         = {1960},
}

@BOOK{Boden90,
  AUTHOR    = {Boden, Margaret A.},
  PUBLISHER = {Weidenfeld and Nicolson},
  TITLE     = {The Creative Mind: Myths and Mechanisms},
  YEAR      = {1990},
}

@INPROCEEDINGS{Gog05,
  AUTHOR    = {Goguen, Joseph},
  BOOKTITLE = {Reasoning and Cognition: Proceedings of the Interdisciplinary Conference on Reasoning and Cognition},
  EDITOR    = {D. Andler and Y. Ogawa and M. Okada and S.Watanabe},
  LOCATION  = {Tokyo},
  NOTE      = {On-line version updated},
  PAGES     = {125--148},
  PUBLISHER = {Keio University Press},
  TITLE     = {Mathematical models of cognitive space and time},
  URL       = {http://cseweb.ucsd.edu/~goguen/pps/taspm.pdf},
  YEAR      = {2006},
}

@BOOK{WeilCollectedV2,
  AUTHOR    = {André Weil},
  LOCATION  = {New York},
  NOTE      = {Corrected second printing},
  PUBLISHER = {Springer-Verlag},
  TITLE     = {Œuvres Scientifiques/Collected Papers},
  VOLUME    = {II},
  YEAR      = {1979},
}

